@article{braden2013,
  title = {Relative Rates of Optical Maturation of Regolith on {{Mercury}} and the {{Moon}}},
  author = {Braden, Sarah E. and Robinson, Mark S.},
  year = {2013},
  month = sep,
  journal = {Journal of Geophysical Research: Planets},
  volume = {118},
  number = {9},
  pages = {1903--1914},
  publisher = {{John Wiley \& Sons, Ltd}},
  doi = {10.1002/JGRE.20143@10.1002/(ISSN)2169-9100.MESSENGER1},
}